% Encoding: UTF-8

%% All references need to be complete and consistent!
%% All references should have a list of authors and a title and then the details of the publication e.g. for a conference publication: the complete name of the proceedings, the page numbers, the location of the conference and the date; for a journal: the complete name of the journal, the volume and issue, the page numbers and the date of the publication; for a web page: the link and the date when this page was last visited.

@Inproceedings{Andrew2013empirical,
  author =    {Daniel Andrew and Hongmei Chi},
  title =     {An empirical study of botnets on university networks using low-interaction honeypots},
  booktitle = {Proceedings of the {ACM} Southeast Regional Conference 2013 ({ACM} SE'13)},
  year =      {2013},
  pages =     {44:1--44:2},
  address =   {Savannah, GA, USA},
  month =     apr,
  bibsource = {dblp computer science bibliography, http://dblp.org},
  biburl =    {http://dblp.uni-trier.de/rec/bib/conf/ACMse/AndrewC13},
  doi =       {10.1145/2498328.2500094},
  file =      {:Andrew2013empirical - An empirical study of botnets on university networks using low-interaction honeypots.pdf:PDF},
  review =    {Note: 2-page poster from Florida University student about idea on how to investigate botnets using honeypots.},
  timestamp = {Thu, 07 May 2015 18:17:05 +0200},
  url =       {http://doi.acm.org/10.1145/2498328.2500094}
}

@Article{Asghari2015Economics,
  author =    {Hadi Asghari and Michel J. G. van Eeten and Johannes M. Bauer},
  title =     {Economics of Fighting Botnets: Lessons from a Decade of Mitigation},
  journal =   {{IEEE} Security {\&} Privacy},
  year =      {2015},
  volume =    {13},
  number =    {5},
  pages =     {16--23},
  bibsource = {dblp computer science bibliography, http://dblp.org},
  biburl =    {http://dblp.uni-trier.de/rec/bib/journals/ieeesp/AsghariEB15},
  doi =       {10.1109/MSP.2015.110},
  timestamp = {Wed, 04 Nov 2015 13:58:16 +0100},
  url =       {http://doi.ieeecomputersociety.org/10.1109/MSP.2015.110}
}

@InProceedings{Aviv2011Challenges,
  author =    {Adam J. Aviv and Andreas Haeberlen},
  title =     {Challenges in Experimenting with Botnet Detection Systems},
  booktitle = {Proceedings of the 4th USENIX Workshop on Cyber Security Experimentation and Test (CSET'11)},
  year =      {2011},
  pages =     {1-8},
  address =   {San Francisco},
  month =     aug,
  file =      {:Aviv2011Challenges - Challenges in Experimenting with Botnet Detection Systems.pdf:PDF}
}

@Inproceedings{Chang2015Measuring,
  author =    {Wentao Chang and Aziz Mohaisen and An Wang and Songqing Chen},
  title =     {Measuring Botnets in the Wild: Some New Trends},
  booktitle = {Proceedings of the 10th {ACM} Symposium on Information, Computer and Communications Security, {ASIA} ({CCS}'15)},
  year =      {2015},
  pages =     {645--650},
  address =   {Singapore},
  month =     apr,
  bibsource = {dblp computer science bibliography, http://dblp.org},
  biburl =    {http://dblp.uni-trier.de/rec/bib/conf/ccs/ChangMWC15},
  doi =       {10.1145/2714576.2714637},
  file =      {:Chang2015Measuring - Measuring Botnets in the Wild_ Some New Trends.pdf:PDF},
  timestamp = {Thu, 07 May 2015 08:21:08 +0200},
  url =       {http://doi.acm.org/10.1145/2714576.2714637}
}

@TechReport{Plohmann2011Botnets,
  author =      {Daniel Plohmann},
  title =       {Botnets: Detection, Measurement, Disinfection \& Defence},
  institution = {European Network and Information Security Agency},
  year =        {2011},
  abstract =    {Botnets: Detection, Measurement, Disinfection & Defence},
  file =        {: - Botnets_ Detection, Measurement, Disinfection & Defence.pdf:PDF},
  keywords =    {enisa botnets detection measurement disinfection defence}
}

